@book{kernighan88,
  AUTHOR = "Brian W. Kernighan and Dennis M. Ritchie",
  TITLE = "The {C} Programming Language",
  PUBLISHER = "Prentice Hall International",
  EDITION = "Second",
  YEAR = 1988
}

@TechReport{ISO_8859_1,
  KEY = "ISO",
  TITLE = "Information Processing -- 8-bit Single-Byte Coded Graphic " #
          "Character Sets -- Part~1: Latin, Alphabet No.~1",
  NUMBER = "ISO 8859-1:1987",
  INSTITUTION = "Technical committee: JTC~1/SC~2, " #
                "International Organization for Standardization",
  YEAR = 1987
}
