@Article{pratt96fi,
  author = "Vaughan Pratt and Jerzy Tiuryn",
  title  = "Satisfiability of Inequations in a Poset",
  journal = "Fundamenta Informatica",
  volume = 28,
  year = 1996,
  pages = "165--182"
}