@TechReport{ISO_8859_1,
  KEY = "ISO",
  TITLE = "Information Processing -- 8-bit Single-Byte Coded Graphic " #
          "Character Sets -- Part~1: Latin, Alphabet No.~1",
  NUMBER = "ISO 8859-1:1987",
  INSTITUTION = "Technical committee: JTC~1/SC~2, " #
                "International Organization for Standardization",
  YEAR = 1987
}
@Manual{SUN-network:90,
   title = {Network Programming Guide},
   organization = {{SUN} Microsystems},
   year = 1990,
   note = {Revision A},
   month = mar
}
@Book{Stevens:90,
  author = {W. Richard Stevens},
  title = {Unix Network Programming},
  year = 1990,
  series = {Software Series},
  publisher = {Prentice Hall}
}
@Book{Lewine:91,
  Author    = {Donald Lewine},
  Title     = {{POSIX} Programmer's Guide},
  Year      = 1991,
  Month     = apr,
  Publisher = {O'Reilly \& Associates, Inc.}
}

@Book{Posix1,
  Author = {{IEEE}},
  Title  = {Portable Operating System Interface for Computer
                  Environments ({POSIX})},
  Note   = {{IEEE Standard 1003.1-1990}},
  Year   = 1990
}
