@Book{system,
  author =       {Tobias M{\"u}ller},
  title =        {DFKI Oz Users Manual},
  booktitle =    {DFKI Oz Users Manual},
  publisher =    {Programming Systems Lab},
  address =      {Saarbr{\"u}cken},
  month =        mar,
  year =         {1996},
  pages =        {313--332},
}

@Book{murray,
  author =       {Robert B. Murray},
  title =        {C++ Strategies and Tactics},
  booktitle =    {C++ Strategies and Tactics},
  publisher =    {Programming Systems Lab},
  address =      {Saarbr{\"u}cken},
  month =        mar,
  year =         {1993},
  pages =        {313--332},
}

@Book{primer,
  author =       {Gert Smolka},
  title =        {An Oz Primer},
  booktitle =    {An Oz Primer},
  publisher =    {Programming Systems Lab},
  address =      {Saarbr{\"u}cken},
  month =        mar,
  year =         {1993},
  pages =        {313--332},
}

@Book{absmachine,
  author =       {Michael Mehl, Ralf Scheidhauer, Christian Schulte},
  title =        {An abstract Machine for Oz},
  booktitle =    {An abstract Machine for Oz},
  publisher =    {Programming Systems Lab},
  address =      {Saarbr{\"u}cken},
  month =        mar,
  year =         {1995},
  pages =        {313--332},
}

@Book{modules,
  author =       {Martin Henz, Martin M{\"u}ller, fixthis},
  title =        {The Oz Standard Modules},
  booktitle =    {The Oz Standard Modules},
  publisher =    {Programming Systems Lab},
  address =      {Saarbr{\"u}cken},
  month =        mar,
  year =         {1995},
  pages =        {313--332},
}


@Book{gdb,
  author =       {Richard M. Stallman, Roland H. Pesch},
  title =        {Debugging with GDB: The GNU Source-Level Debugger version 4.7},
  booktitle =    {The Oz Standard Modules},
  publisher =    {Programming Systems Lab},
  address =      {Saarbr{\"u}cken},
  month =        oct,
  year =         {1992},
  pages =        {313--332},
}
