@Book{Lewine:91,
  Author    = {Donald Lewine},
  Title     = {{POSIX} Programmer's Guide},
  Year      = 1991,
  Month     = apr,
  Publisher = {O'Reilly \& Associates, Inc.}
}
