@Manual{Mozart-Base,
  AUTHOR = "Martin Henz, Martin M{\"u}ller, Christian Schulte, " #
           "Leif Kornstaedt",
  TITLE = "The {O}z Base Environment",
  EDITION = "{M}ozart {V}ersion~3.0",
  MONTH = aug,
  YEAR = 1998
}

@Manual{Mozart-OPI,
  AUTHOR = "Leif Kornstaedt",
  TITLE = "The {O}z {P}rogramming {I}nterface",
  EDITION = "{M}ozart {V}ersion~3.0",
  MONTH = aug,
  YEAR = 1998
}

@Manual{Mozart-Gump,
  AUTHOR = "Leif Kornstaedt",
  TITLE = "{G}ump -- A Front-End Generator for {O}z",
  EDITION = "{M}ozart {V}ersion~3.0",
  MONTH = aug,
  YEAR = 1998
}
