@InProceedings{Schulte97,
  author        = {Christian Schulte},
  title         = {{Oz Explorer}: A Visual Constraint Programming Tool},
  editor        = {Lee Naish},
  booktitle     = {Proceedings of the Fourteenth International Conference on
                  Logic Programming},
  year          = {1997},
  address       = {Leuven, Belgium},
  month         = jul,
  publisher     = {The MIT Press},
  pages         = {286--300}
}
