@Book{baum00,
  AUTHOR = "Lyman Frank Baum",
  TITLE = "The Wonderful Wizard of Oz",
  YEAR = 1900,
  PUBLISHER = "G. M. Hill"
}

@Manual{paxson95,
  AUTHOR = "Paxson, Vern",
  TITLE = "flex -- Fast Lexical Analyzer Generator",
  EDITION = "{V}ersion&nbsp;2.5.2",
  NOTE = "Unix On-Line Manual Page",
  MONTH = apr,
  YEAR = 1995
}

@Manual{donellystallman95,
  AUTHOR = "Donelly, Charles and Stallman, Richard",
  TITLE = "{B}ison:  The {YACC}-Compatible Parser Generator " #
	  "(Reference Manual)",
  EDITION = "{V}ersion&nbsp;1.25",
  ORGANIZATION = "Free Software Foundation",
  NOTE = "On-Line Info File",
  MONTH = nov,
  YEAR = 1995
}

@MastersThesis{kornstaedt96,
  AUTHOR = "Leif Kornstaedt",
  TITLE = "{D}efinition und {I}mplementierung eines " #
	  "{F}ront-{E}nd-{G}enerators für {O}z",
  TYPE = "Diplomarbeit",
  SCHOOL = "Fachbereich Informatik, Universität Kaiserslautern und " #
	   "Programming Systems Lab, Universität des Saarlandes",
  MONTH = sep,
  YEAR = 1996
}
