@TechReport{FischerKuhn.93,
  AUTHOR = {Klaus Fischer and Norbert Kuhn},
  TITLE = {A {DAI} Approach to modeling the Transportation Domain},
  YEAR = 1993,
  type = {Research Report},
  number = {RR-93-25},
  address = {Stuhlsatzenhausweg 3, D-66123 Saarbrücken, Germany},
  institution = {Deutsches Forschungszentrum für Künstliche Intelligenz},
}

