@TechReport{caseau.95,
  author =      "Yves Caseau and Fran{\c{c}}ois  Laburthe",
  title =       "Disjunctive scheduling with task intervals",
  institution = {Laboratoire d'Informatique de l'Ecole
                  Normale Sup\'erieure},
  year =        "1995",
  type =        "LIENS Technical Report",
  number =      "95-25"
}
@Article{carlier.89,
  author =      "J. Carlier and E. Pinson",
  title =       "An algorithm for solving the job-shop problem",
  journal =     "Management Science",
  year =        "1989",
  volume =      "35",
  number =      "2",
  pages =       "164--176"
}
@Article{adams.88,
  author =      "J. Adams and E. Balas and D. Zawack",
  title =       "The shifting bottleneck procedure for job shop scheduling",
  journal =     "Management science",
  year =        "1988",
  volume =      "34",
  number =      "3",
  pages =       "391--401"
}
@InProceedings{martin.96,
  author =       {P. Martin and D.B. Shmoys},
  title =        {A new approach to computing optimal schedules for
                  the job shop scheduling problem},
  booktitle =    {International Conference on Integer Programming and
                  Combinatorial Optimization, Vancouver},
  year =         {1996},
  pages =        {389--403}
}
@PhdThesis{bartusch.83,
  author =       {M. Bartusch},
  title =        {Optimierung von Netzpl{\"a}nen mit
                  Anordnungsbeziehungen bei knappen Betriebsmitteln},
  school =       {Univ.\ Passau},
  year =         {1983},
  address =      {Fakult{\"a}t f{\"u}r Mathematik und Informatik}
}
@Article{applegate.91,
  author =      "D. Applegate and W. Cook",
  title =       "A computational study of the job-shop scheduling problem",
  journal =     "Operations  Research Society of America,  Journal on Computing",
  year =        "1991",
  volume =      "3",
  number =      "2",
  pages =       "149--156"
}

@PhdThesis{nuijten.94,
  author =      "W.P.M. Nuijten",
  title =       "Time and resource constrained scheduling",
  school =      "Technical University Eindhoven",
  year =        "1994"
}

@InProceedings{caseau.94a,
  author = "Yves Caseau and Fran{\c{c}}ois Laburthe",
  title = "Improved {CLP} scheduling with task intervals",
  booktitle = {International Conference on Logic Programming},
  year = {1994},
  pages = {369--383}
}
@InProceedings{wuertz.96b,
  author =       {J{\"o}rg W{\"u}rtz},
  title =        {Oz {S}cheduler:  {A} Workbench for Scheduling Problems},
  booktitle =    {Eighth  International Conference on Tools with
                  Artificial Intelligence},
  editor =       {M.G. Radle},
  address =      {Toulouse, France},
  year =         {1996},
  organization = {IEEE},
  publisher = {IEEE Computer Society Press},
  pages =        {149--156}
}
@Book{garey.79,
  author =       {M.R. Garey and D.S. Johnson},
  title =        {Computers and Intractability},
  publisher =    {W.H. Freeman and company},
  year =         {1979}
}
@BOOK{muth.63,
  AUTHOR = {J.F. Muth and G.L. Thompson},
  TITLE = {Industrial Scheduling},
  PUBLISHER = {Prentice Hall},
  YEAR = {1963}
}
@InProceedings{baptiste.95a,
  author =      "P. Baptiste and C. Le Pape and W. Nuijten",
  title =       "Incorporating efficient operations research
                 algorithms in constraint-based scheduling",
  booktitle =   "First International Joint Workshop on Artificial
                 Intelligence and Operations Research",
  year =        "1995"
}

@Article{carlier.94,
  author =      "J. Carlier and E. Pinson",
  title =       "Adjustment of heads and tails for the job-shop problem",
  journal =     "European Journal of Operational Research",
  year =        "1994",
  volume =      "78",
  pages =       "146--161"
}


@InProceedings{henz.96,
  author =       {Martin Henz},
  title =        {Don't Be Puzzled!},
  year =         {1996},
  month =        aug,
  address =      {Cambridge, Massachusetts, USA},
  booktitle =    {Proceedings of the Workshop on Constraint Programming
                Applications,
                in conjunction with the Second International
                Conference on Principles and Practice of
                Constraint Programming (CP96)},
}
