@Manual{stallman91,
  AUTHOR = "Richard M. Stallman",
  TITLE = "GNU Emacs Manual",
  PUBLISHER = "Free Software Foundation",
  EDITION = "7th",
  YEAR = 1991
}

@MastersThesis{kornstaedt96,
  AUTHOR = "Leif Kornstaedt",
  TITLE = "{D}efinition und {I}mplementierung eines " #
          "{F}ront-{E}nd-{G}enerators für {O}z",
  TYPE = "Diplomarbeit",
  SCHOOL = "Fachbereich Informatik, Universität Kaiserslautern und " #
           "Programming Systems Lab, Universität des Saarlandes",
  MONTH = sep,
  YEAR = 1996
}
