% $Id$

@Manual{stallman91,
  AUTHOR = "Richard M. Stallman",
  TITLE = "GNU Emacs Manual",
  PUBLISHER = "Free Software Foundation",
  EDITION = "7th",
  YEAR = 1991
}
