@Book{OzWizard,
author  = "Lyman Frank Baum",
title   = "The Wonderful Wizard of Oz",
year    = 1900,
publisher = "G. M. Hill"
}

@Manual{paxson:95,
  AUTHOR = {Paxson, Vern},
  TITLE = {flex -- Fast Lexical Analyzer Generator},
  EDITION = {{V}ersion~2.5.2},
  NOTE = {Unix On-Line Manual Page},
  MONTH = apr,
  YEAR = {1995}
}

@Manual{donellystallman:95,
  AUTHOR = {Donelly, Charles and Stallman, Richard},
  TITLE = {{B}ison:  The {YACC}-Compatible Parser Generator (Reference Manual)},
  EDITION = {{V}ersion~1.25},
  ORGANIZATION = {Free Software Foundation},
  NOTE = {On-Line Info File},
  MONTH = nov,
  YEAR = {1995}
}

@MastersThesis{Kornstaedt:96,
  AUTHOR = "Leif Kornstaedt",
  TITLE = "{D}efinition und {I}mplementierung eines
           {F}ront-{E}nd-{G}enerators f{\"u}r {O}z",
  PUBLISHER = {Diplomarbeit.  Fachbereich Informatik, Universit{\"a}t
               Kaiserslautern und Programming Systems Lab,
               Universit{\"a}t des Saarlandes},
  MONTH = sep,
  YEAR = {1996}
}
